@book{book,
  title     = "Multiple View Geometry in Computer Vision",
  author    = "Zisserman, Andrew and Hartley, Richard",
  year      = 2004,
  publisher = "Cambridge University Press",
  address   = "Cambridge"
}
@unpublished{slides,
  author = "Caglioti, Vincenzo",
  title  = "Single View Geometry", 
  note = "(Politecnico di Milano, 2024)"
}